@inproceedings{vaswani2017attention,
  title={Attention is all you need},
  author={Vaswani, Ashish and Shazeer, Noam and Parmar, Niki and Uszkoreit, Jakob and Jones, Llion and Gomez, Aidan N and Kaiser, {\L}ukasz and Polosukhin, Illia},
  booktitle={Advances in neural information processing systems},
  volume={30},
  year={2017}
}

@article{liu2024bitdelta,
  title={BitDelta: Your Fine-Tune May Only Be Worth One Bit},
  author={Liu, James and others},
  journal={arXiv preprint arXiv:2402.10193},
  year={2024}
}

@article{llava2024next,
  title={LLaVA-NeXT-Interleave: Tackling Multi-image, Video, and 3D in Large Multimodal Models},
  author={Li, Feng and others},
  journal={arXiv preprint arXiv:2407.07895},
  year={2024}
}

@article{qwen2024omni,
  title={Qwen2-Audio Technical Report},
  author={Chu, Yunfei and Xu, Jin and Yang, Qian and Wei, Haojie and Wei, Xipin and Guo, Zhifang and Leng, Yichong and Lv, Yuanjun and He, Jinzheng and Lin, Junyang and others},
  journal={arXiv preprint arXiv:2407.10759},
  year={2024}
}

@article{fedus2022switch,
  title={Switch transformers: Scaling to trillion parameter models with simple and efficient sparsity},
  author={Fedus, William and Zoph, Barret and Shazeer, Noam},
  journal={The Journal of Machine Learning Research},
  volume={23},
  number={1},
  pages={5232--5270},
  year={2022}
}

@article{shazeer2017outrageously,
  title={Outrageously large neural networks: The sparsely-gated mixture-of-experts layer},
  author={Shazeer, Noam and Mirhoseini, Azalia and Maziarz, Krzysztof and Davis, Andy and Le, Quoc and Hinton, Geoffrey and Dean, Jeff},
  journal={arXiv preprint arXiv:1701.06538},
  year={2017}
}

@inproceedings{su2024roformer,
  title={Roformer: Enhanced transformer with rotary position embedding},
  author={Su, Jianlin and Lu, Yu and Pan, Shengfeng and Murtadha, Ahmed and Wen, Bo and Liu, Yunfeng},
  booktitle={Proceedings of the 2024 Conference on Empirical Methods in Natural Language Processing},
  year={2024}
}

@article{hu2022lora,
  title={LoRA: Low-Rank Adaptation of Large Language Models},
  author={Hu, Edward J and Shen, Yelong and Wallis, Phillip and Allen-Zhu, Zeyuan and Li, Yuanzhi and Wang, Shean and Wang, Lu and Chen, Weizhu},
  journal={arXiv preprint arXiv:2106.09685},
  year={2022}
}

@article{dettmers2023qlora,
  title={QLoRA: Efficient Finetuning of Quantized LLMs},
  author={Dettmers, Tim and Pagnoni, Artidoro and Holtzman, Ari and Zettlemoyer, Luke},
  journal={arXiv preprint arXiv:2305.14314},
  year={2023}
}

@inproceedings{dosovitskiy2021vit,
  title={An image is worth 16x16 words: Transformers for image recognition at scale},
  author={Dosovitskiy, Alexey and Beyer, Lucas and Kolesnikov, Alexander and Weissenborn, Dirk and Zhai, Xiaohua and Unterthiner, Thomas and Dehghani, Mostafa and Minderer, Matthias and Heigold, Georg and Gelly, Sylvain and others},
  booktitle={International Conference on Learning Representations},
  year={2021}
}

@article{radford2023whisper,
  title={Robust speech recognition via large-scale weak supervision},
  author={Radford, Alec and Kim, Jong Wook and Xu, Tao and Brockman, Greg and McLeavey, Christine and Sutskever, Ilya},
  journal={arXiv preprint arXiv:2212.04356},
  year={2023}
}

@article{borgeaud2022improving,
  title={Improving language models by retrieving from trillions of tokens},
  author={Borgeaud, Sebastian and Mensch, Arthur and Hoffmann, Jordan and Cai, Trevor and Rutherford, Eliza and Millican, Katie and Van Den Driessche, George Bm and Lespiau, Jean-Baptiste and Damoc, Bogdan and Clark, Aidan and others},
  journal={International conference on machine learning},
  pages={2206--2240},
  year={2022}
}

@article{team2024gemini,
  title={Gemini: a family of highly capable multimodal models},
  author={Team, Gemini and Anil, Rohan and Borgeaud, Sebastian and Wu, Yonghui and Alayrac, Jean-Baptiste and Yu, Jiahui and Soricut, Radu and Schalkwyk, Johan and Dai, Andrew M and Hauth, Anja and others},
  journal={arXiv preprint arXiv:2312.11805},
  year={2024}
}

@article{openai2024gpt4,
  title={GPT-4 technical report},
  author={OpenAI},
  journal={arXiv preprint arXiv:2303.08774},
  year={2024}
}

@article{anthropic2024claude,
  title={Claude 3 Technical Report},
  author={Anthropic},
  journal={Anthropic AI},
  year={2024}
}